@ARTICLE{KITTI,
  author = {Andreas Geiger and Philip Lenz and Christoph Stiller and Raquel Urtasun},
  title = {Vision meets Robotics: The KITTI Dataset},
  journal = {International Journal of Robotics Research (IJRR)},
  year = {2013}
}

@ARTICLE{perceptron,
  author = {Widrow B. and Lehr M.A.},
  title = {30 years of Adaptive Neural Networks: Perceptron, Madaline, and Backpropagation},
  journal = {Proc. IEEE, vol 78, no 9, pp. 1415â€“1442},
  year = {1990}
}


%%%%%% TODO FILTER %%%%%%%%%%%%%%%%%%%%%%%%%%%%

@article{lowryvisual,
  title={Visual Place Recognition: A Survey},
  author={Lowry, Stephanie and Sunderhauf, Niko and Newman, Paul and Leonard, John J and Cox, David and Corke, Peter and Milford, Michael J},
  publisher={IEEE}
}

@article{zeng20163dmatch,
  title={3DMatch: Learning the Matching of Local 3D Geometry in Range Scans},
  author={Zeng, Andy and Song, Shuran and Nie{\ss}ner, Matthias and Fisher, Matthew and Xiao, Jianxiong},
  journal={arXiv preprint arXiv:1603.08182},
  year={2016}
}

@inproceedings{maturana2015voxnet,
  title={VoxNet: A 3D convolutional neural network for real-time object recognition},
  author={Maturana, Daniel and Scherer, Sebastian},
  booktitle={Intelligent Robots and Systems (IROS), 2015 IEEE/RSJ International Conference on},
  pages={922--928},
  year={2015},
  organization={IEEE}
}

@inproceedings{fernandez2013fast,
  title={Fast place recognition with plane-based maps},
  author={Fernandez-Moral, Eduardo and Mayol-Cuevas, Walterio and Arevalo, Vicente and Gonzalez-Jimenez, Javier},
  booktitle={Robotics and Automation (ICRA), 2013 IEEE International Conference on},
  pages={2719--2724},
  year={2013},
  organization={IEEE}
}

@article{breiman2001random,
  title={Random forests},
  author={Breiman, Leo},
  journal={Machine learning},
  volume={45},
  number={1},
  pages={5--32},
  year={2001},
  publisher={Springer}
}

@article{sibley2010vast,
  title={Vast-scale outdoor navigation using adaptive relative bundle adjustment},
  author={Sibley, Gabe and Mei, Christopher and Reid, Ian and Newman, Paul},
  journal={The International Journal of Robotics Research},
  year={2010},
  publisher={SAGE Publications}
}

@inproceedings{pomerleau2014long,
  title={Long-term 3D map maintenance in dynamic environments},
  author={Pomerleau, Fran{\c{c}}ois and Krusi, Philipp and Colas, Francis and Furgale, Paul and Siegwart, Roland},
  booktitle={Robotics and Automation (ICRA), 2014 IEEE International Conference on},
  pages={3712--3719},
  year={2014},
  organization={IEEE}
}

@article{kaess2008isam,
  title={iSAM: Incremental smoothing and mapping},
  author={Kaess, Michael and Ranganathan, Ananth and Dellaert, Frank},
  journal={Robotics, IEEE Transactions on},
  volume={24},
  number={6},
  pages={1365--1378},
  year={2008},
  publisher={IEEE}
}

@article{kaess2011isam2,
  title={iSAM2: Incremental smoothing and mapping using the Bayes tree},
  author={Kaess, Michael and Johannsson, Hordur and Roberts, Richard and Ila, Viorela and Leonard, John J and Dellaert, Frank},
  journal={The International Journal of Robotics Research},
  pages={0278364911430419},
  year={2011},
  publisher={Sage Publications}
}

@inproceedings{sunderhauf2012switchable,
  title={Switchable constraints for robust pose graph SLAM},
  author={S{\"u}nderhauf, Niko and Protzel, Peter},
  booktitle={Intelligent Robots and Systems (IROS), 2012 IEEE/RSJ International Conference on},
  pages={1879--1884},
  year={2012},
  organization={IEEE}
}

@inproceedings{sunderhauf2012towards,
  title={Towards a robust back-end for pose graph slam},
  author={S{\"u}nderhauf, Niko and Protzel, Peter},
  booktitle={Robotics and Automation (ICRA), 2012 IEEE International Conference on},
  pages={1254--1261},
  year={2012},
  organization={IEEE}
}

@article{dellaert2012factor,
  title={Factor graphs and GTSAM: A hands-on introduction},
  author={Dellaert, Frank},
  year={2012},
  publisher={Georgia Institute of Technology}
}

@inproceedings{huang2013consistent,
  title={Consistent sparsification for graph optimization},
  author={Huang, Guoquan and Kaess, Michael and Leonard, John J},
  booktitle={Mobile Robots (ECMR), 2013 European Conference on},
  pages={150--157},
  year={2013},
  organization={IEEE}
}

@article{sibley2010sliding,
  title={Sliding window filter with application to planetary landing},
  author={Sibley, Gabe and Matthies, Larry and Sukhatme, Gaurav},
  journal={Journal of Field Robotics},
  volume={27},
  number={5},
  pages={587--608},
  year={2010},
  publisher={Wiley Online Library}
}

@article{kretzschmar2012information,
  title={Information-theoretic compression of pose graphs for laser-based SLAM},
  author={Kretzschmar, Henrik and Stachniss, Cyrill},
  journal={The International Journal of Robotics Research},
  volume={31},
  number={11},
  pages={1219--1230},
  year={2012},
  publisher={SAGE Publications}
}

@inproceedings{marconi2012sherpa,
  title={The SHERPA project: Smart collaboration between humans and ground-aerial robots for improving rescuing activities in alpine environments},
  author={Marconi, L and Melchiorri, Claudio and Beetz, Michael and Pangercic, Dejan and Siegwart, R and Leutenegger, Stefan and Carloni, Raffaella and Stramigioli, Stefano and Bruyninckx, Herman and Doherty, Patrick and others},
  booktitle={Safety, Security, and Rescue Robotics (SSRR), 2012 IEEE International Symposium on},
  pages={1--4},
  year={2012},
  organization={IEEE}
}

@inproceedings{furgale2012continuous,
  title={Continuous-time batch estimation using temporal basis functions},
  author={Furgale, Paul and Barfoot, Timothy D and Sibley, Gabe},
  booktitle={Robotics and Automation (ICRA), 2012 IEEE International Conference on},
  pages={2088--2095},
  year={2012},
  organization={IEEE}
}

@inproceedings{anderson2013towards,
  title={Towards relative continuous-time SLAM},
  author={Anderson, Sean and Barfoot, Timothy D},
  booktitle={Robotics and Automation (ICRA), 2013 IEEE International Conference on},
  pages={1033--1040},
  year={2013},
  organization={IEEE}
}

@article{tardioli2015robot,
  title={Robot Teams for Intervention in Confined and Structured Environments},
  author={Tardioli, Danilo and Sicignano, Domenico and Riazuelo, Luis and Romeo, Antonio and Villarroel, Jos{\'e} Luis and Montano, Luis},
  journal={Journal of Field Robotics},
  year={2015},
  publisher={Wiley Online Library}
}

@article{zlot2014efficient,
  title={Efficient Large-scale Three-dimensional Mobile Mapping for Underground Mines},
  author={Zlot, Robert and Bosse, Michael},
  journal={Journal of Field Robotics},
  volume={31},
  number={5},
  pages={758--779},
  year={2014},
  publisher={Wiley Online Library}
}

@inproceedings{cunningham2013ddf,
  title={DDF-SAM 2.0: Consistent distributed smoothing and mapping},
  author={Cunningham, Andrew and Indelman, Vadim and Dellaert, Frank},
  booktitle={Robotics and Automation (ICRA), 2013 IEEE International Conference on},
  pages={5220--5227},
  year={2013},
  organization={IEEE}
}

@inproceedings{kim2010multiple,
  title={Multiple relative pose graphs for robust cooperative mapping},
  author={Kim, Been and Kaess, Michael and Fletcher, Luke and Leonard, John and Bachrach, Abraham and Roy, Nicholas and Teller, Seth},
  booktitle={Robotics and Automation (ICRA), 2010 IEEE International Conference on},
  pages={3185--3192},
  year={2010},
  organization={IEEE}
}

@inproceedings{lazaro2013multi,
  title={Multi-robot SLAM using condensed measurements},
  author={Lazaro, Maria Teresa and Paz, Lina Mar{\'\i}a and Pinies, Pedro and Castellanos, Jose and Grisetti, Giorgio and others},
  booktitle={Intelligent Robots and Systems (IROS), 2013 IEEE/RSJ International Conference on},
  pages={1069--1076},
  year={2013},
  organization={IEEE}
}

@inproceedings{folkesson2004graphical,
  title={Graphical SLAM-a self-correcting map},
  author={Folkesson, John and Christensen, Henrik},
  booktitle={Robotics and Automation, 2004. Proceedings. ICRA'04. 2004 IEEE International Conference on},
  volume={1},
  pages={383--390},
  year={2004},
  organization={IEEE}
}

@article{durrant2006simultaneous,
  title={Simultaneous localization and mapping: part I},
  author={Durrant-Whyte, Hugh and Bailey, Tim},
  journal={Robotics \& Automation Magazine, IEEE},
  volume={13},
  number={2},
  pages={99--110},
  year={2006},
  publisher={IEEE}
}

@article{bailey2006simultaneous,
  title={Simultaneous localization and mapping (SLAM): Part II},
  author={Bailey, Tim and Durrant-Whyte, Hugh},
  journal={IEEE Robotics \& Automation Magazine},
  volume={13},
  number={3},
  pages={108--117},
  year={2006}
}

@article{wang2015pose,
  title={A pose pruning driven solution to pose feature GraphSLAM},
  author={Wang, Y and Xiong, R and Huang, S},
  journal={Advanced Robotics},
  number={ahead-of-print},
  pages={1--16},
  year={2015},
  publisher={Taylor \& Francis}
}

@article{carlevaris2014generic,
  title={Generic node removal for factor-graph SLAM},
  author={Carlevaris-Bianco, Nicholas and Kaess, Michael and Eustice, Ryan M},
  journal={Robotics, IEEE Transactions on},
  volume={30},
  number={6},
  pages={1371--1385},
  year={2014},
  publisher={IEEE}
}

@inproceedings{mazuran2014nonlinear,
  title={Nonlinear graph sparsification for SLAM},
  author={Mazuran, Mladen and Tipaldi, Gian Diego and Spinello, Luciano and Burgard, Wolfram},
  booktitle={Proc. Robot.: Sci. \& Syst. Conf},
  pages={1--8},
  year={2014}
}

@inproceedings{kummerle2011g,
  title={g 2 o: A general framework for graph optimization},
  author={K{\"u}mmerle, Rainer and Grisetti, Giorgio and Strasdat, Hauke and Konolige, Kurt and Burgard, Wolfram},
  booktitle={Robotics and Automation (ICRA), 2011 IEEE International Conference on},
  pages={3607--3613},
  year={2011},
  organization={IEEE}
}

@article{grisetti2010tutorial,
  title={A tutorial on graph-based SLAM},
  author={Grisetti, Giorgio and K{\"u}mmerle, Rainer and Stachniss, Cyrill and Burgard, Wolfram},
  journal={Intelligent Transportation Systems Magazine, IEEE},
  volume={2},
  number={4},
  pages={31--43},
  year={2010},
  publisher={IEEE}
}


@inproceedings{dellaert2005multifrontal,
  title={A multifrontal QR factorization approach to distributed inference applied to multirobot localization and mapping},
  author={Dellaert, Frank and Kipp, Alexander and Krauthausen, Peter},
  booktitle={Proceedings of the National Conference on Artificial Intelligence},
  volume={20},
  number={3},
  pages={1261},
  year={2005},
  organization={Menlo Park, CA; Cambridge, MA; London; AAAI Press; MIT Press; 1999}
}

@article{zhengdecoupled,
  title={Decoupled Representation of the Error and Trajectory Estimates for Efficient Pose Estimation},
  author={Zheng, Xing and Li, Mingyang and Mourikis, Anastasios I}
}

@article{kaul2015continuous,
  title={Continuous-Time Three-Dimensional Mapping for Micro Aerial Vehicles with a Passively Actuated Rotating Laser Scanner},
  author={Kaul, Lukas and Zlot, Robert and Bosse, Michael},
  journal={Journal of Field Robotics},
  year={2015},
  publisher={Wiley Online Library}
}

@article{furgale2015continuous,
author = {Furgale, Paul and Tong, Chi Hay and Barfoot, Timothy D. and Sibley, Gabe}, 
title = {Continuous-time batch trajectory estimation using temporal basis functions},
year = {2015}, 
doi = {10.1177/0278364915585860}, 
abstract ={Roboticists often formulate estimation problems in discrete time for the practical reason of keeping the state size tractable; however, the discrete-time approach does not scale well for use with high-rate sensors, such as inertial measurement units, rolling-shutter cameras, or sweeping laser imaging sensors. The difficulty lies in the fact that a pose variable is typically included for every time at which a measurement is acquired, rendering the dimension of the state impractically large for large numbers of measurements. This issue is exacerbated for the simultaneous localization and mapping problem, which further augments the state to include landmark variables. To address this tractability issue, we propose to move the full Maximum-a-Posteriori estimation problem into continuous time and use temporal basis functions to keep the state size manageable. We present a full probabilistic derivation of the continuous-time estimation problem, derive an estimator based on the assumption that the densities and processes involved are Gaussian and show how the coefficients of a relatively small number of basis functions can form the state to be estimated, making the solution efficient. Our derivation is presented in steps of increasingly specific assumptions, opening the door to the development of other novel continuous-time estimation algorithms through the application of different assumptions at any point. We use the simultaneous localization and mapping problem as our motivation throughout the paper, although the approach is not specific to this application. Results from two experiments are provided to validate the approach: (i) self-calibration involving a camera and a high-rate inertial measurement unit, and (ii) perspective localization with a rolling-shutter camera.}, 
URL = {http://ijr.sagepub.com/content/early/2015/08/03/0278364915585860.abstract}, 
eprint = {http://ijr.sagepub.com/content/early/2015/08/03/0278364915585860.full.pdf+html}, 
journal = {The International Journal of Robotics Research} 
}

@article{bosse2012zebedee,
  title={Zebedee: Design of a spring-mounted 3-d range sensor with application to mobile mapping},
  author={Bosse, Michael and Zlot, Robert and Flick, Paul},
  journal={Robotics, IEEE Transactions on},
  volume={28},
  number={5},
  pages={1104--1119},
  year={2012},
  publisher={IEEE}
}

@online{workersDead,
  author = {Associated Press},
  title = {Workers among 16 dead in latest big Italian quake},
  year = 2012,
  urldate = {2015-10-01},
  note = {Available at \url{http://www.timesunion.com/news/article/Workers-among-16-dead-in-latest-big-Italian-quake-3593632.php}, retrieved on 2015-10-01}
}

@article{seismicInfo,
  title={The Emilia (northern Italy) seismic sequence of May-June, 2012: preliminary data and results},
  author={Anzidei, Marco and Maramai, Alessandra and Montone, Paola},
  journal={Annals of geophysics},
  volume={55},
  number={4},
  year={2012},
}

@inproceedings{graham2015robust,
  title={Robust Incremental SLAM with Consistency-Checking},
  author={Graham, Matthew C and How, Jonathan P and Gustafson, Donald E},
  booktitle={Intelligent Robots and Systems (IROS), 2015 IEEE/RSJ International Conference on},
  pages={117--124},
  year={2015},
  organization={IEEE}
}

@phdthesis{carlevaris2015long,
  title={Long-term simultaneous localization and mapping in dynamic environments},
  author={Carlevaris-Bianco, Nicholas D},
  year={2015},
  school={The University of Michigan}
}

@inproceedings{dube2016,
  title={Non-uniform sampling strategies for continuous correction based trajectory estimation},
  author={DubÃ©, Renaud and Sommer, Hannes and Gawel, Abel and Bosse, Michael and Siegwart, Roland},
  booktitle={Robotics and Automation (ICRA), 2016 IEEE International Conference on},
  year={2016},
  organization={IEEE}
}

@inproceedings{moosmann2013joint,
  title={Joint self-localization and tracking of generic objects in 3D range data},
  author={Moosmann, Frank and Stiller, Christoph},
  booktitle={Robotics and Automation (ICRA), 2013 IEEE International Conference on},
  pages={1146--1152},
  year={2013},
  organization={IEEE}
}

@inproceedings{hu2013efficient,
  title={Efficient 3-d scene analysis from streaming data},
  author={Hu, Hanzhang and Munoz, Delfina and Bagnell, J Andrew and Hebert, Martial},
  booktitle={Robotics and Automation (ICRA), 2013 IEEE International Conference on},
  pages={2297--2304},
  year={2013},
  organization={IEEE}
}

@article{felzenszwalb2004efficient,
  title={Efficient graph-based image segmentation},
  author={Felzenszwalb, Pedro F and Huttenlocher, Daniel P},
  journal={International Journal of Computer Vision},
  volume={59},
  number={2},
  pages={167--181},
  year={2004},
  publisher={Springer}
}

@inproceedings{xiong20113,
  title={3-d scene analysis via sequenced predictions over points and regions},
  author={Xiong, Xuehan and Munoz, Daniel and Bagnell, J Andrew and Hebert, Martial},
  booktitle={Robotics and Automation (ICRA), 2011 IEEE International Conference on},
  pages={2609--2616},
  year={2011},
  organization={IEEE}
}

@inproceedings{behley2012performance,
  title={Performance of histogram descriptors for the classification of 3d laser range data in urban environments},
  author={Behley, Jens and Steinhage, Volker and Cremers, Armin B},
  booktitle={Robotics and Automation (ICRA), 2012 IEEE International Conference on},
  pages={4391--4398},
  year={2012},
  organization={IEEE}
}

@inproceedings{coates2011analysis,
  title={An analysis of single-layer networks in unsupervised feature learning},
  author={Coates, Adam and Ng, Andrew Y and Lee, Honglak},
  booktitle={International conference on artificial intelligence and statistics},
  pages={215--223},
  year={2011}
}

@article{johnson1999using,
  title={Using spin images for efficient object recognition in cluttered 3D scenes},
  author={Johnson, Andrew E and Hebert, Martial},
  journal={Pattern Analysis and Machine Intelligence, IEEE Transactions on},
  volume={21},
  number={5},
  pages={433--449},
  year={1999},
  publisher={IEEE}
}

@book{medioni2000computational,
  title={A computational framework for segmentation and grouping},
  author={Medioni, Gerard and Lee, Mi-Suen and Tang, Chi-Keung},
  year={2000},
  publisher={Elsevier}
}

@article{triebel2012parsing,
  title={Parsing outdoor scenes from streamed 3d laser data using online clustering and incremental belief updates},
  author={Triebel, Rudolph and Paul, Rohan and Rus, Daniela and Newman, Paul},
  year={2012},
  publisher={Association for the Advancement of Artificial Intelligence}
}

@article{osada2002shape,
  title={Shape distributions},
  author={Osada, Robert and Funkhouser, Thomas and Chazelle, Bernard and Dobkin, David},
  journal={ACM Transactions on Graphics (TOG)},
  volume={21},
  number={4},
  pages={807--832},
  year={2002},
  publisher={ACM}
}

@inproceedings{westin1997geometrical,
  title={Geometrical diffusion measures for MRI from tensor basis analysis},
  author={Westin, Carl-Fredrik and Peled, Sariel and Gudbjartsson, Hakon and Kikinis, Ron and Jolesz, Ferenc A and others},
  booktitle={Proceedings of ISMRM},
  volume={97},
  pages={1742},
  year={1997}
}

@article{aslam2004star,
  title={The Star Clustering Algorithm for Static and Dynamic Information Organization.},
  author={Aslam, Javed A and Pelekhov, Ekaterina and Rus, Daniela},
  journal={J. Graph Algorithms Appl.},
  volume={8},
  pages={95--129},
  year={2004}
}

@inproceedings{golovinskiy2009min,
  title={Min-cut based segmentation of point clouds},
  author={Golovinskiy, Aleksey and Funkhouser, Thomas},
  booktitle={Computer Vision Workshops (ICCV Workshops), 2009 IEEE 12th International Conference on},
  pages={39--46},
  year={2009},
  organization={IEEE}
}

@inproceedings{strom2010graph,
  title={Graph-based segmentation for colored 3D laser point clouds},
  author={Strom, Johannes and Richardson, Andrew and Olson, Edwin},
  booktitle={Intelligent Robots and Systems (IROS), 2010 IEEE/RSJ International Conference on},
  pages={2131--2136},
  year={2010},
  organization={IEEE}
}

@inproceedings{douillard2011segmentation,
  title={On the segmentation of 3D LIDAR point clouds},
  author={Douillard, Bertrand and Underwood, James and Kuntz, Noah and Vlaskine, Vsevolod and Quadros, Alastair and Morton, Peter and Frenkel, Alon},
  booktitle={Robotics and Automation (ICRA), 2011 IEEE International Conference on},
  pages={2798--2805},
  year={2011},
  organization={IEEE}
}

@inproceedings{schoenberg2010segmentation,
  title={Segmentation of dense range information in complex urban scenes},
  author={Schoenberg, Jonathan R and Nathan, Aaron and Campbell, Mark},
  booktitle={Intelligent Robots and Systems (IROS), 2010 IEEE/RSJ International Conference on},
  pages={2033--2038},
  year={2010},
  organization={IEEE}
}

@inproceedings{zhu2010segmentation,
  title={Segmentation and classification of range image from an intelligent vehicle in urban environment},
  author={Zhu, Xiaolong and Zhao, Huijing and Liu, Yiming and Zhao, Yipu and Zha, Hongbin},
  booktitle={Intelligent Robots and Systems (IROS), 2010 IEEE/RSJ International Conference on},
  pages={1457--1462},
  year={2010},
  organization={IEEE}
}

@inproceedings{triebel2010segmentation,
  title={Segmentation and unsupervised part-based discovery of repetitive objects},
  author={Triebel, Rudolph and Shin, Jiwon and Siegwart, Roland and Siegwart, Roland Yves and Siegwart, Roland Yves},
  booktitle={Robotics: Science and Systems},
  volume={2},
  year={2010}
}

@inproceedings{pauling2009automatic,
  title={Automatic segmentation of 3d laser point clouds by ellipsoidal region growing},
  author={Pauling, Frederick and Bosse, Mike and Zlot, Robert},
  booktitle={Australasian Conference on Robotics and Automation (ACRA)},
  year={2009}
}

@inproceedings{moosmann2009segmentation,
  title={Segmentation of 3D lidar data in non-flat urban environments using a local convexity criterion},
  author={Moosmann, Frank and Pink, Oliver and Stiller, Christoph},
  booktitle={Intelligent Vehicles Symposium, 2009 IEEE},
  pages={215--220},
  year={2009},
  organization={IEEE}
}

@inproceedings{moosmann2011unsupervised,
  title={Unsupervised discovery of object classes in 3d outdoor scenarios},
  author={Moosmann, Frank and Sauerland, Miro},
  booktitle={Computer Vision Workshops (ICCV Workshops), 2011 IEEE International Conference on},
  pages={1038--1044},
  year={2011},
  organization={IEEE}
}

@inproceedings{ruhnke2009unsupervised,
  title={Unsupervised learning of 3d object models from partial views},
  author={Ruhnke, Michael and Steder, Bastian and Grisetti, Giorgio and Burgard, Wolfram},
  booktitle={Robotics and Automation, 2009. ICRA'09. IEEE International Conference on},
  pages={801--806},
  year={2009},
  organization={IEEE}
}

@inproceedings{endres2009unsupervised,
  title={Unsupervised discovery of object classes from range data using latent Dirichlet allocation.},
  author={Endres, Felix and Plagemann, Christian and Stachniss, Cyrill and Burgard, Wolfram},
  booktitle={Robotics: Science and Systems},
  volume={2},
  pages={113120},
  year={2009},
  organization={Seattle, Washington;}
}

@inproceedings{shin2010unsupervised,
  title={Unsupervised discovery of repetitive objects},
  author={Shin, Jiwon and Triebel, Rudolph and Siegwart, Roland and Siegwart, Roland Yves and Siegwart, Roland Yves},
  booktitle={ICRA},
  pages={5041--5046},
  year={2010}
}

@inproceedings{shin2009object,
  title={Object classification based on a geometric grammar with a range camera},
  author={Shin, Jiwon and G{\"a}chter, Stefan and Harati, Ahad and Pradalier, C{\'e}dric and Siegwart, Roland},
  booktitle={Robotics and Automation, 2009. ICRA'09. IEEE International Conference on},
  pages={2443--2448},
  year={2009},
  organization={IEEE}
}

@inproceedings{zhang2013unsupervised,
  title={Unsupervised 3D category discovery and point labeling from a large urban environment},
  author={Zhang, Quanshi and Song, Xuan and Shao, Xiaowei and Zhao, Huijing and Shibasaki, Ryosuke},
  booktitle={Robotics and Automation (ICRA), 2013 IEEE International Conference on},
  pages={2685--2692},
  year={2013},
  organization={IEEE}
}

@inproceedings{douillard2012scan,
  title={Scan segments matching for pairwise 3D alignment},
  author={Douillard, Bertrand and Quadros, A and Morton, Peter and Underwood, James Patrick and De Deuge, Mark and Hugosson, S and Hallstr{\"o}m, M and Bailey, Tim},
  booktitle={Robotics and Automation (ICRA), 2012 IEEE International Conference on},
  pages={3033--3040},
  year={2012},
  organization={IEEE}
}

@inproceedings{douillard2014pipeline,
  title={A pipeline for the segmentation and classification of 3D point clouds},
  author={Douillard, Bertrand and Underwood, J and Vlaskine, Vsevolod and Quadros, A and Singh, S},
  booktitle={Experimental Robotics},
  pages={585--600},
  year={2014},
  organization={Springer}
}

@inproceedings{nguyen20133d,
  title={3D point cloud segmentation: A survey},
  author={Nguyen, Anh and Le, Bac},
  booktitle={Robotics, Automation and Mechatronics (RAM), 2013 6th IEEE Conference on},
  pages={225--230},
  year={2013},
  organization={IEEE}
}

@inproceedings{rohling2015fast,
  title={A fast histogram-based similarity measure for detecting loop closures in 3-D LIDAR data},
  author={Rohling, Timo and Mack, Jennifer and Schulz, Dirk},
  booktitle={Intelligent Robots and Systems (IROS), 2015 IEEE/RSJ International Conference on},
  pages={736--741},
  year={2015},
  organization={IEEE}
}

@inproceedings{bosse2013place,
  title={Place recognition using keypoint voting in large 3D lidar datasets},
  author={Bosse, Michael and Zlot, Robert},
  booktitle={Robotics and Automation (ICRA), 2013 IEEE International Conference on},
  pages={2677--2684},
  year={2013},
  organization={IEEE}
}

@article{zhuang20133,
  title={3-D-laser-based scene measurement and place recognition for mobile robots in dynamic indoor environments},
  author={Zhuang, Yan and Jiang, Nan and Hu, Huosheng and Yan, Fei},
  journal={Instrumentation and Measurement, IEEE Transactions on},
  volume={62},
  number={2},
  pages={438--450},
  year={2013},
  publisher={IEEE}
}

@article{granstrom2011learning,
  title={Learning to close loops from range data},
  author={Granstr{\"o}m, Karl and Sch{\"o}n, Thomas B and Nieto, Juan I and Ramos, Fabio T},
  journal={The international journal of robotics research},
  volume={30},
  number={14},
  pages={1728--1754},
  year={2011},
  publisher={Sage Publications}
}

@inproceedings{steder2011place,
  title={Place recognition in 3D scans using a combination of bag of words and point feature based relative pose estimation},
  author={Steder, Bastian and Ruhnke, Michael and Grzonka, Slawomir and Burgard, Wolfram},
  booktitle={Intelligent Robots and Systems (IROS), 2011 IEEE/RSJ International Conference on},
  pages={1249--1255},
  year={2011},
  organization={IEEE}
}

@article{magnusson2009automatic,
  title={Automatic appearance-based loop detection from three-dimensional laser data using the normal distributions transform},
  author={Magnusson, Martin and Andreasson, Henrik and N{\"u}chter, Andreas and Lilienthal, Achim J},
  journal={Journal of Field Robotics},
  volume={26},
  number={11-12},
  pages={892--914},
  year={2009},
  publisher={Wiley Online Library}
}

@article{besl1988segmentation,
  title={Segmentation through variable-order surface fitting},
  author={Besl, Paul J and Jain, Ramesh C},
  journal={Pattern Analysis and Machine Intelligence, IEEE Transactions on},
  volume={10},
  number={2},
  pages={167--192},
  year={1988},
  publisher={IEEE}
}

@article{rabbani2006segmentation,
  title={Segmentation of point clouds using smoothness constraint},
  author={Rabbani, Tahir and Van Den Heuvel, Frank and Vosselmann, George},
  journal={International Archives of Photogrammetry, Remote Sensing and Spatial Information Sciences},
  volume={36},
  number={5},
  pages={248--253},
  year={2006}
}

@inproceedings{ioannou2012difference,
  title={Difference of normals as a multi-scale operator in unorganized point clouds},
  author={Ioannou, Yani and Taati, Babak and Harrap, Robin and Greenspan, Marshall},
  booktitle={3D Imaging, Modeling, Processing, Visualization and Transmission (3DIMPVT), 2012 Second International Conference on},
  pages={501--508},
  year={2012},
  organization={IEEE}
}

@inproceedings{anguelov2005discriminative,
  title={Discriminative learning of markov random fields for segmentation of 3d scan data},
  author={Anguelov, Dragomir and Taskarf, B and Chatalbashev, Vassil and Koller, Daphne and Gupta, Dinkar and Heitz, Geremy and Ng, Andrew},
  booktitle={Computer Vision and Pattern Recognition, 2005. CVPR 2005. IEEE Computer Society Conference on},
  volume={2},
  pages={169--176},
  year={2005},
  organization={IEEE}
}


@inproceedings{munoz2009contextual,
  title={Contextual classification with functional max-margin markov networks},
  author={Munoz, Delfina and Bagnell, J Andrew and Vandapel, Nicolas and Hebert, Martial},
  booktitle={Computer Vision and Pattern Recognition, 2009. CVPR 2009. IEEE Conference on},
  pages={975--982},
  year={2009},
  organization={IEEE}
}

@article{sedaghat2016orientation,
  title={Orientation-boosted Voxel Nets for 3D Object Recognition},
  author={Sedaghat, Nima and Zolfaghari, Mohammadreza and Brox, Thomas},
  journal={arXiv preprint arXiv:1604.03351},
  year={2016}
}

@article{fernandez2016scene,
  title={Scene structure registration for localization and mapping},
  author={Fern{\'a}ndez-Moral, Eduardo and Rives, Patrick and Ar{\'e}valo, Vicente and Gonz{\'a}lez-Jim{\'e}nez, Javier},
  journal={Robotics and Autonomous Systems},
  volume={75},
  pages={649--660},
  year={2016},
  publisher={Elsevier}
}

@inproceedings{steder2010robust,
  title={Robust place recognition for 3D range data based on point features},
  author={Steder, Bastian and Grisetti, Giorgio and Burgard, Wolfram},
  booktitle={Robotics and Automation (ICRA), 2010 IEEE International Conference on},
  pages={1400--1405},
  year={2010},
  organization={IEEE}
}

@inproceedings{scovanner20073,
  title={A 3-dimensional sift descriptor and its application to action recognition},
  author={Scovanner, Paul and Ali, Saad and Shah, Mubarak},
  booktitle={Proceedings of the 15th ACM international conference on Multimedia},
  pages={357--360},
  year={2007},
  organization={ACM}
}

@article{thrun2002robotic,
  title={Robotic mapping: A survey},
  author={Thrun, Sebastian and others},
  journal={Exploring artificial intelligence in the new millennium},
  volume={1},
  pages={1--35},
  year={2002}
}

